@String{pub-Helion = "Wydawnictwo HELION"}
@String{pub-Helion:addr = "ul. Ko≈õciuszki 1c, 44-100 Gliwice"}
@String{pub-PWN = "Wydawnictwo Naukowe PWN SA"}
@String{pub-PWN:addr = "Warszawa"}

@misc{forward_deferred,
  author = "Brent Owens",
  title = "Forward Rendering vs. Deferred Rendering",
  howpublished = "[on-line] \url{http://gamedevelopment.tutsplus.com/articles/forward-rendering-vs-deferred-rendering--gamedev-12342}",
  year = {2013},
}

@misc{udk_sss,
  author = "Epic",
  title = "Screen Space Subsurface Scattering",
  howpublished = "[on-line] \url{https://udn.epicgames.com/Three/ScreenSpaceSubsurfaceScattering.html}",
  year = {2012},
}

@misc{udk_bokeh_dof,
  author = "Epic",
  title = "Bokeh Depth Of Field",
  howpublished = "[on-line] \url{https://udn.epicgames.com/Three/BokehDepthOfField.html}",
  year = {2012},
}

@misc{udk_deferred_shading,
  author = "Epic",
  title = "Deferred Shading in DirectX 11",
  howpublished = "[on-line] \url{
https://udn.epicgames.com/Three/DeferredShadingDX11.html}",
  year = {2012},
}

@misc{gpugems_23,
  author = "Joe Demers",
  title = "Depth of Field: A Survey of Techniques",
  howpublished = "[on-line] \url{http://http.developer.nvidia.com/GPUGems/gpugems_ch23.html}",
  year = {2007},
}

@Book{Adams:pgp,
  author =       "Ernest Adams",
  title =        "Projektowanie gier. Podstawy. Wydanie II",
  publisher =    pub-Helion,
  address =      pub-Helion:addr,
  year =         "2011",
  ISBN =         "978-83-246-2781-3",
  pages =        "xiv + 800",
}

@Book{Kaczor:Scrum,
  author =       "Krystian Kaczor",
  title =        "Scrum i nie tylko. Teoria i praktyka w metodach Agile",
  publisher =    pub-PWN,
  address =      pub-PWN:addr,
  year =         "2014",
  ISBN =         "978-83-01-17835-2",
  pages =        "xiv + 280",
}